@article{kerneltrick,
	author = {Olkopf, Bernhard},
	year = {2001},
	month = {02},
	pages = {},
	title = {The Kernel Trick for Distances}
}

@article{vaswani2023attentionneed,
	title={Attention Is All You Need}, 
	author={Ashish Vaswani and Noam Shazeer and Niki Parmar and Jakob Uszkoreit and Llion Jones and Aidan N. Gomez and Lukasz Kaiser and Illia Polosukhin},
	year={2023},
	eprint={1706.03762},
	archivePrefix={arXiv},
	primaryClass={cs.CL},
	url={https://arxiv.org/abs/1706.03762}, 
}

@article{a_survey_of_gnn_based_graph_similarity_learning,
author = {Jiang, Nan and Ning, Bo and Dong, Jingyang},
year = {2023},
month = {07},
pages = {650-654},
title = {A Survey of GNN-Based Graph Similarity Learning},
doi = {10.1109/ICIVC58118.2023.10269885}
}

@article{combinatorial_learning_of_graph_edit_distance_via_dynamic_embedding,
author = {{Wang}, Runzhong and {Zhang}, Tianqi and {Yu}, Tianshu and {Yan}, Junchi and {Yang}, Xiaokang}, title = "{Combinatorial Learning of Graph Edit Distance via Dynamic Embedding}", 
journal = {arXiv e-prints}, 
keywords = {Computer Science - Machine Learning}, 
year = 2020, 
month = nov, 
eid = {arXiv:2011.15039}, 
pages = {arXiv:2011.15039}, 
doi = {10.48550/arXiv.2011.15039}, 
archivePrefix = {arXiv}, eprint = {2011.15039}, 
primaryClass = {cs.LG}, 
adsurl = {https://ui.adsabs.harvard.edu/abs/2020arXiv201115039W}, 
adsnote = {Provided by the SAO/NASA Astrophysics Data System}
}

@article{computing_graph_edit_distance_via_neural_graph_matching,
author = {Piao, Chengzhi and Xu, Tingyang and Sun, Xiangguo and Rong, Yu and Zhao, Kangfei and Cheng, Hong},
title = {Computing Graph Edit Distance via Neural Graph Matching},
year = {2023},
issue_date = {April 2023},
publisher = {VLDB Endowment},
volume = {16},
number = {8},
issn = {2150-8097},
doi = {https://doi.org/10.14778/3594512.3594514},
journal = {Proc. VLDB Endow.},
month = {apr},
pages = {1817–1829},
numpages = {13}
}

@article{deep_graph_similarity_learning_a_survey,
author       = {Guixiang Ma and Nesreen K. Ahmed and Theodore L. Willke and Philip S. Yu},
title        = {Deep Graph Similarity Learning: {A} Survey},
journal      = {CoRR},
volume       = {abs/1912.11615},
year         = {2019},
eprinttype    = {arXiv},
eprint       = {1912.11615},
timestamp    = {Fri, 03 Jan 2020 16:10:45 +0100},
biburl       = {https://dblp.org/rec/journals/corr/abs-1912-11615.bib},
bibsource    = {dblp computer science bibliography, https://dblp.org},
doi = "https://doi.org/10.1007/s10618-020-00733-5"
}

@article{efficient_graph_edit_distance_computation_using_isomorphic_vertices,
title = {Efficient graph edit distance computation using isomorphic vertices},
journal = {Pattern Recognition Letters},
volume = {168},
pages = {71-78},
year = {2023},
issn = {0167-8655},
doi = {https://doi.org/10.1016/j.patrec.2023.03.002},
author = {Jongik Kim},
}

@article{eugene__explainable_unsupervised_approximation_of_graph_edit_distance,
title = {EUGENE: Explainable Unsupervised Approximation of Graph Edit Distance}, 
author = {Aditya Bommakanti and Harshith Reddy Vonteri and Sayan Ranu and Panagiotis Karras},
year = {2024},
eprint = {2402.05885},
archivePrefix = {arXiv},
primaryClass = {cs.LG},
doi = {https://doi.org/10.48550/arXiv.2402.05885}
}

@article{exploring_attention_mechanism_for_graph_similarity_learning,
author = {Tan, Wenhui and Gao, Xin and Li, Yiyang and Wen, Guangqi and Cao, Peng and Yang, Jinzhu and Li, Weiping and Zaiane, Osmar R.},
title = {Exploring attention mechanism for graph similarity learning},
year = {2023},
issue_date = {Sep 2023},
publisher = {Elsevier Science Publishers B. V.},
address = {NLD},
volume = {276},
number = {C},
issn = {0950-7051},
journal = {Know.-Based Syst.},
month = {sep},
numpages = {12},
doi = {https://doi.org/10.1016/j.knosys.2023.110739},
}

@article{graph_edit_distance_computation_via_graph_neural_networks,
author = {Bai, Yunsheng and Ding, Hao and Bian, Song and Sun, Yizhou and Wang, Wei},
title = {Graph Edit Distance Computation via Graph Neural Networks},
year = {2018},
month = {08},
pages = {},
}

@article{graph_edit_distance_learning_via_different_attention,
      title={Graph Edit Distance Learning via Different Attention}, 
      author={Jiaxi Lv and Liang Zhang and Yi Huang and Jiancheng Huang and Shifeng Chen},
      year={2023},
      eprint={2308.13871},
      archivePrefix={arXiv},
      primaryClass={cs.AI}
}

@article{graph_partitioning_and_graph_neural_network_based_hierarchical_graph_matching_for_graph_similarity_computation,
title = {Graph partitioning and graph neural network based hierarchical graph matching for graph similarity computation},
journal = {Neurocomputing},
volume = {439},
pages = {348-362},
year = {2021},
issn = {0925-2312},
doi = {https://doi.org/10.1016/j.neucom.2021.01.068},
author = {Haoyan Xu and Ziheng Duan and Yueyang Wang and Jie Feng and Runjian Chen and Qianru Zhang and Zhongbin Xu},
}

@article{graph_graph_context_dependency_attention_for_graph_edit_distance,
  author={Jia, Ruiqi and Feng, Xianbing and Lyu, Xiaoqing and Tang, Zhi},
  booktitle={ICASSP 2023 - 2023 IEEE International Conference on Acoustics, Speech and Signal Processing (ICASSP)}, 
  title={
Graph-Graph Context Dependency Attention for Graph Edit Distance}, 
  year={2023},
  volume={},
  number={},
  pages={1-5},
  doi={10.1109/ICASSP49357.2023.10094975}
}

@article{greed__a_neural_framework_for_learning_graph_distance_functions,
      title={GREED: A Neural Framework for Learning Graph Distance Functions}, 
      author={Rishabh Ranjan and Siddharth Grover and Sourav Medya and Venkatesan Chakaravarthy and Yogish Sabharwal and Sayan Ranu},
      year={2023},
      eprint={2112.13143},
      archivePrefix={arXiv},
      primaryClass={cs.LG}
}

@article{h2mn__graph_similarity_learning_with_hierarchical_hypergraph_matching_networks,
author = {Zhang, Zhen and Bu, Jiajun and Ester, Martin and Li, Zhao and Yao, Chengwei and Yu, Zhi and Wang, Can},
title = {H2MN: Graph Similarity Learning with Hierarchical Hypergraph Matching Networks},
year = {2021},
isbn = {9781450383325},
publisher = {Association for Computing Machinery},
address = {New York, NY, USA},
url = {https://doi.org/10.1145/3447548.3467328},
doi = {10.1145/3447548.3467328},
booktitle = {Proceedings of the 27th ACM SIGKDD Conference on Knowledge Discovery \& Data Mining},
pages = {2274–2284},
numpages = {11},
location = {Virtual Event, Singapore},
series = {KDD '21}
}

@article{learning_efficient_hash_codes_for_fast_graph_based_data_similarity_retrieval,
  author={Wang, Jinbao and Xu, Shuo and Zheng, Feng and Lu, Ke and Song, Jingkuan and Shao, Ling},
  journal={IEEE Transactions on Image Processing}, 
  title={Learning Efficient Hash Codes for Fast Graph-Based Data Similarity Retrieval}, 
  year={2021},
  volume={30},
  number={},
  pages={6321-6334},
  doi={10.1109/TIP.2021.3093387}
}

@article{learning_graph_edit_distance_by_graph_neural_networks,
      title={Learning Graph Edit Distance by Graph Neural Networks}, 
      author={Pau Riba and Andreas Fischer and Josep Lladós and Alicia Fornés},
      year={2020},
      eprint={2008.07641},
      archivePrefix={arXiv},
      primaryClass={cs.CV}
}

@article{mata_combining_learnable_node_matching_with_a*_algorithm_for_approximate_graph_edit_distance,
author = {Liu, Junfeng and Zhou, Min and Ma, Shuai and Pan, Lujia},
title = {MATA*: Combining Learnable Node Matching with A* Algorithm for Approximate Graph Edit Distance Computation},
year = {2023},
isbn = {9798400701245},
publisher = {Association for Computing Machinery},
address = {New York, NY, USA},
url = {https://doi.org/10.1145/3583780.3614959},
doi = {10.1145/3583780.3614959},
booktitle = {Proceedings of the 32nd ACM International Conference on Information and Knowledge Management},
pages = {1503–1512},
numpages = {10},
location = {<conf-loc>, <city>Birmingham</city>, <country>United Kingdom</country>, </conf-loc>},
series = {CIKM '23}
}

@article {more_interpretable_graph_similarity_computation_via_maximum_common_subgraph_inference,
author = {Z. Lan and B. Hong and Y. Ma and F. Ma},
journal = {IEEE Transactions on Knowledge; Data Engineering},
title = {More Interpretable Graph Similarity Computation Via Maximum Common Subgraph Inference},
year = {2021},
volume = {},
number = {01},
issn = {1558-2191},
pages = {1-12},
doi = {10.1109/TKDE.2024.3387044},
publisher = {IEEE Computer Society},
address = {Los Alamitos, CA, USA},
month = {apr}
}

@article{multilevel_graph_matching_networks_for_deep_graph_similarity_learning,
   title={Multilevel Graph Matching Networks for Deep Graph Similarity Learning},
   volume={34},
   ISSN={2162-2388},
   DOI={10.1109/tnnls.2021.3102234},
   number={2},
   journal={IEEE Transactions on Neural Networks and Learning Systems},
   publisher={Institute of Electrical and Electronics Engineers (IEEE)},
   author={Ling, Xiang and Wu, Lingfei and Wang, Saizhuo and Ma, Tengfei and Xu, Fangli and Liu, Alex X. and Wu, Chunming and Ji, Shouling},
   year={2023},
   month=feb, pages={799–813}
}

@article{noah__neural_optimized_a*_search_algorithm_for_graph_edit_distance_computation,
  author={Yang, Lei and Zou, Lei},
  booktitle={2021 IEEE 37th International Conference on Data Engineering (ICDE)}, 
  title={Noah: Neural-optimized A* Search Algorithm for Graph Edit Distance Computation}, 
  year={2021},
  volume={},
  number={},
  pages={576-587},
  doi={10.1109/ICDE51399.2021.00056}
}

@article{simgnn__a_neural_network_approach_to_fast_graph_similarity_computation,
author = {Bai, Yunsheng and Ding, Hao and Bian, Song and Chen, Ting and Sun, Yizhou and Wang, Wei},
title = {SimGNN: A Neural Network Approach to Fast Graph Similarity Computation},
year = {2019},
isbn = {9781450359405},
publisher = {Association for Computing Machinery},
address = {New York, NY, USA},
url = {https://doi.org/10.1145/3289600.3290967},
doi = {10.1145/3289600.3290967},
booktitle = {Proceedings of the Twelfth ACM International Conference on Web Search and Data Mining},
pages = {384–392},
numpages = {9},
location = {Melbourne VIC, Australia},
series = {WSDM '19}
}

@article{wasserstein_graph_distance_based_on_l1_approximated_tree_edit_distance_between_weisfeiler_lehman_subtrees, 
title={Wasserstein Graph Distance Based on L1–Approximated Tree Edit Distance between Weisfeiler–Lehman Subtrees}, 
author={Fang, Zhongxi and Huang, Jianming and Su, Xun and Kasai, Hiroyuki},
volume={37}, 
DOI={10.1609/aaai.v37i6.25916}, 
number={6}, 
journal={Proceedings of the AAAI Conference on Artificial Intelligence},  
year={2023}, 
month={Jun.}, 
pages={7539-7549} 
}

@article{TaGSim_type_aware_graph_similarity_learning_and_computation,
	author = {Bai, Jiyang and Zhao, Peixiang},
	year = {2022},
	month = {02},
	pages = {335-347},
	title = {TaGSim: type-aware graph similarity learning and computation},
	volume = {15},
	journal = {Proceedings of the VLDB Endowment},
	doi = {10.14778/3489496.3489513}
}